@online{openjdk-valhalla,
    title = "Valhalla",
    author = "OpenJDK",
    url = "https://openjdk.java.net/projects/valhalla/",
    lastchecked = {2020-06-21},
}

@online{jep-169,
    title = "JEP 169: Value Objects",
    author = "John Rose",
    url = "https://openjdk.java.net/jeps/169",
    year = "2012",
    lastchecked = {2020-06-21},
}

@online{jep-193,
    title = "JEP 193: Variable Handles",
    author = "Doug Lea",
    url = "https://openjdk.java.net/jeps/193",
    year = "2014",
    lastchecked = {2020-06-21},
}

@online{jep-218,
    title = "JEP 218: Generics over Primitive Types",
    author = "Brian Goetz",
    url = "https://openjdk.java.net/jeps/218",
    year = "2014",
    lastchecked = {2020-06-21},
}
